@misc{Electric2014,
author = {{The Electric Brewery}},
title = {Brew Day: Step by Step},
year = {2014},
url = {http://www.theelectricbrewery.com},
note = {Accessed: 4 September 2014}
}

@misc{History2014,
author = {{The History Channel}},
title = {How beer saved the world},
year = {2011},
url = {http://www.history.co.uk},
note = {Accessed: 15 September 2014}
}

@misc{ReportLinker2014,
author = {ReportLinker},
title = {Beer Industry Market Research and Statistics},
year = {2014},
url = {http://www.reportlinker.com},
note = {Accessed: 25 November 2014}
}

@book{Palmer2004,
author = {Palmer, J.J.},
title = {How to Brew: Everything You Need To Know To Brew Beer Right The First Time},
year = {2004},
publisher = {Brewers Publications},
}

@misc{BrewersFriend2009,
author = {BrewersFriend},
title = {Introduction to RIMS and HERMS},
year = {2009},
url = {http://www.brewersfriend.com},
note = {Accessed: 20 August 2014}
}

@misc{RaspberryPi2014,
author = {{Raspberry Pi Foundation}},
title = {Raspberry Pi Model B+},
year = {2014},
url = {http://www.raspberrypi.org},
note = {Accessed: 5 August 2014}
}

@misc{Eskom2014,
author = {Eskom},
title = {Understanding electricity},
year = {2014},
url = {http://www.eskom.co.za},
note = {Accessed: 15 September 2014}
}

@book{Svrcek2000,
author = {Svrcek, W.Y and Mahoney, D.P. and  Young, B.R.},
title = {A real-time approach to process control},
year = {2000},
publisher = {Wiley},
pages = {307},
}

@misc{Smith2014,
author = {Smith, S},
title = {Raspibrew},
year = {2014},
url = {https://github.com/steve71/RasPiBrew},
note = {Accessed: 2 October 2014}
}

@misc{vanHeerden2014,
author = {van Heerden, C.W.S.},
title = {Cherry Pie Brewery},
year = {2014},
url = {https://github.com/fugacity59/cherry-pie-brewery},
note = {Accessed: 21 October 2014}
}

@misc{OSPi2014,
author = {{OpenSprinkler Pi}},
title = {OpenSprinkler Pi},
year = {2014},
url = {http://rayshobby.net/?page_id=5816},
note = {Accessed: 1 Septmeber 2014}
}

@misc{RasPiBrew2014,
author = {{RasPiBrew}},
title = {RasPiBrew},
year = {2014},
url = {http://raspibrew.com},
note = {Accessed: 1 Septmeber 2014}
}

@misc{Mashberry2014,
author = {{Mashberry}},
title = {Mashberry},
year = {2014},
url = {http://www.sansalinux.org/en/mashberry/index.html},
note = {Accessed: 1 Septmeber 2014}
}

@misc{BrewPi2014,
author = {{BrewPi}},
title = {BrewPi},
year = {2014},
url = {http://www.brewpi.com},
note = {Accessed: 1 Septmeber 2014}
}

@misc{Brewfactory2014,
author = {{Brewfactory}},
title = {Brewfactory},
year = {2014},
url = {http://brewfactory.org},
note = {Accessed: 1 Septmeber 2014}
}

@misc{Proview2014,
author = {{Proview}},
title = {Proview},
year = {2014},
url = {http://www.proview.se/v3/},
note = {Accessed: 1 Septmeber 2014}
}

@misc{ElectricImp2014,
author = {{Electric Imp}},
title = {Electric Imp},
year = {2014},
url = {http://electricimp.com},
note = {Accessed: 2 Septmeber 2014}
}

@misc{Spark2014,
author = {{Spark}},
title = {Spark Core},
year = {2014},
url = {https://www.spark.io},
note = {Accessed: 2 Septmeber 2014}
}

@misc{SolidRun2014,
author = {{SolidRun}},
title = {Cubox-i},
year = {2014},
url = {http://www.solid-run.com/products/cubox-i-mini-computer},
note = {Accessed: 2 Septmeber 2014}
}

@misc{Olimex2014,
author = {{Olimex}},
title = {OLinuXino},
year = {2014},
url = {https://www.olimex.com/Products/OLinuXino/open-source-hardware},
note = {Accessed: 2 Septmeber 2014}
}

@misc{Arduino2014,
author = {{Arduino}},
title = {Arduino},
year = {2014},
url = {http://www.arduino.cc},
note = {Accessed: 2 Septmeber 2014}
}

@misc{BrewBot2014,
author = {{BrewBot}},
title = {BrewBot},
year = {2014},
url = {https://www.kickstarter.com/projects/cargo/brewbot-the-smart-brewing-appliance},
note = {Accessed: 2 Septmeber 2014}
}

@misc{Rayshobby2014,
author = {{Rayshobby}},
title = {OpenSprinkler Pi},
year = {2014},
url = {http://rayshobby.net/?page_id=5816},
note = {Accessed: 2 Septmeber 2014}
}

@misc{PicoBrew2014,
author = {{PicoBrew}},
title = {PicoBrew},
year = {2014},
url = {http://picobrew.com},
note = {Accessed: 2 Septmeber 2014}
}

@misc{TightVNC2014,
author = {{TightVNC}},
title = {TightVNC},
year = {2014},
url = {http://www.tightvnc.com},
note = {Accessed: 3 Septmeber 2014}
}